%
%  Vzor bibliografické databáze pro automatickou tvorbu seznamu referencí
%  pomocí BibTeXu
%
%  Doporučený software pro správu databáze literatury formátu *.bib:
%    JabRef, http://jabref.sourceforge.net/
%
%  POZOR:
%
%    *  Písmena v názvech publikací, jež je třeba tisknout vždy velká, se musejí psát
%       do složených závorek ({T}hailand, {HIV})
%
%  ===========================================================================

@INPROCEEDINGS{MMcat,
  author = {Koupil, Pavel and Svoboda, Martin and Holubov{\'{a}}, Irena},
  booktitle = {2021 ACM/IEEE International Conference on Model Driven Engineering Languages and Systems Companion (MODELS-C)}, 
  title = {{MM}-cat: {A} Tool for Modeling and Transformation of Multi-Model Data using Category Theory}, 
  year = {2021},
  pages = {635-639}
}

@INPROCEEDINGS{MMinfer,
  author = {Pavel Koupil and Sebasti{\'{a}}n Hricko and Irena Holubov{\'{a}}},
  booktitle = {Proceedings of the 25th International Conference on Extending Database Technology, {EDBT} 2022, Edinburgh, UK, March 29 - April 1, 2022},
  title = {{MM}-infer: {A} Tool for {I}nference of {M}ulti-{M}odel {S}chemas},
  pages = {2:566--2:569},
  year = {2022}
}

@INPROCEEDINGS{MMevocat,
  author = {Pavel Koupil and J{\'{a}}chym B{\'{a}}rt{\'{\i}}k and Irena Holubov{\'{a}}},
  title = {{MM}-evocat: {A} Tool for Modelling and Evolution Management of Multi-Model Data},
  booktitle = {Proceedings of the 31st {ACM} International Conference on Information {\&} Knowledge Management, Atlanta, GA, USA, October 17-21, 2022},
  pages = {4892--4896},
  publisher = {{ACM}},
  year = {2022}
}

@inproceedings{MMquecat,
  author={Pavel Koupil and Daniel Crha and Irena Holubov{\'a}},
  title={{MM}-quecat: {A} Tool for Unified Querying of Multi-Model Data},
  booktitle={International Conference on Extending Database Technology},
  year={2023}
}
